<?xml version="1.0" encoding="UTF-8"?><collection xmlns="http://www.loc.gov/MARC21/slim"><record><leader>00496nam--2200181-i-4500</leader><controlfield tag="001">000030521</controlfield><controlfield tag="002">20161230</controlfield><controlfield tag="005">20161230201038</controlfield><controlfield tag="008">060222s1000------------r-----000-0-eng-d</controlfield><datafield ind1=" " ind2=" " tag="040"><subfield code="a">IFIN-HH</subfield></datafield><datafield ind1=" " ind2=" " tag="080"><subfield code="a">539.17.02</subfield></datafield><datafield ind1="1" ind2=" " tag="100"><subfield code="a">Liskien, H</subfield></datafield><datafield ind1="1" ind2="0" tag="245"><subfield code="a">Compilation of cross sections for some neutron induced threshold reactions</subfield><subfield code="c">H. liskien, a. paulsen</subfield></datafield><datafield ind1=" " ind2=" " tag="260"><subfield code="a">Geel</subfield><subfield code="b">Euratom</subfield><subfield code="c">1961</subfield></datafield><datafield ind1=" " ind2=" " tag="300"><subfield code="a">34 PLANSE</subfield></datafield><datafield ind1="1" ind2=" " tag="700"><subfield code="a">Paulsen, A</subfield></datafield><datafield ind1=" " ind2=" " tag="852"><subfield code="a">409</subfield><subfield code="c">53.081</subfield></datafield><datafield ind1=" " ind2=" " tag="CAT"><subfield code="a">Sys</subfield><subfield code="c">20151029</subfield><subfield code="h">145100</subfield></datafield></record></collection>